<record><leader>00000cas a22000007a 4500</leader><controlfield tag="001">11498994</controlfield><controlfield tag="008">841215d18681884ohuwr ne      0    0eng d</controlfield><datafield ind1=" " ind2=" " tag="010"><subfield code="a">sn 84028864 </subfield></datafield><datafield ind1=" " ind2=" " tag="040"><subfield code="a">NPY</subfield><subfield code="b">eng</subfield><subfield code="c">NPY</subfield><subfield code="d">NPX</subfield><subfield code="d">NPU</subfield><subfield code="d">ONP</subfield><subfield code="d">NVF</subfield><subfield code="d">OCL</subfield><subfield code="d">YOX</subfield><subfield code="d">OCLCQ</subfield><subfield code="d">KRTAS</subfield><subfield code="d">OCLCQ</subfield></datafield><datafield ind1=" " ind2=" " tag="019"><subfield code="a">2265058</subfield></datafield><datafield ind1=" " ind2=" " tag="042"><subfield code="a">msc</subfield></datafield><datafield ind1="0" ind2=" " tag="130"><subfield code="a">Newark American (Newark, Ohio : 1868)</subfield></datafield><datafield ind1="1" ind2="4" tag="245"><subfield code="a">The Newark American.</subfield></datafield><datafield ind1="3" ind2="0" tag="246"><subfield code="a">Newark weekly American</subfield></datafield><datafield ind1=" " ind2=" " tag="260"><subfield code="a">Newark, Ohio :</subfield><subfield code="b">Wilson &amp; Clark,</subfield><subfield code="c">-1884.</subfield></datafield><datafield ind1=" " ind2=" " tag="300"><subfield code="a">v.</subfield></datafield><datafield ind1=" " ind2=" " tag="310"><subfield code="a">Weekly</subfield></datafield><datafield ind1="1" ind2=" " tag="362"><subfield code="a">Began in Apr. 1868.</subfield></datafield><datafield ind1="0" ind2=" " tag="362"><subfield code="a">-v. 48, no. 38 (Sept. 18, 1884).</subfield></datafield><datafield ind1=" " ind2=" " tag="500"><subfield code="a">Published as: Newark weekly American, &lt;Oct. 1876&gt;-Sept. 1878.</subfield></datafield><datafield ind1=" " ind2=" " tag="500"><subfield code="a">Editors: M.L. Wilson, A.B. Clark, &lt;1868&gt;.</subfield></datafield><datafield ind1=" " ind2=" " tag="500"><subfield code="a">Publishers: Wilson &amp; Clark, 1868-1869; Clark &amp; King, 1869-1873; A.B. Clark, &lt;1873&gt;; Clark &amp; Underwood, &lt;1875&gt;.</subfield></datafield><datafield ind1=" " ind2=" " tag="500"><subfield code="a">Republican.</subfield></datafield><datafield ind1=" " ind2=" " tag="588"><subfield code="a">Description based on: Vol. 13, no. 18 (Apr. 24, 1868).</subfield></datafield><datafield ind1=" " ind2="4" tag="651"><subfield code="a">Newark (Ohio)</subfield><subfield code="v">Newspapers.</subfield></datafield><datafield ind1="1" ind2=" " tag="700"><subfield code="a">Wilson, M. L.</subfield></datafield><datafield ind1=" " ind2=" " tag="752"><subfield code="a">United States</subfield><subfield code="b">Ohio</subfield><subfield code="c">Licking</subfield><subfield code="d">Newark.</subfield></datafield><datafield ind1="0" ind2="0" tag="780"><subfield code="t">American &amp; wool grower</subfield><subfield code="w">(DLC)sn 84028863</subfield></datafield><datafield ind1="0" ind2="0" tag="785"><subfield code="t">Newark weekly American (Newark, Ohio : 1884)</subfield><subfield code="w">(DLC)sn 88078793</subfield></datafield><datafield ind1=" " ind2=" " tag="938"><subfield code="a">Kirtas Technologies, Inc.</subfield><subfield code="b">KRTS</subfield><subfield code="n">738926</subfield></datafield></record>